<?xml version="1.0" encoding="UTF-8"?><record xmlns="http://www.loc.gov/MARC21/slim" xmlns:cinclude="http://apache.org/cocoon/include/1.0" xmlns:zs="http://www.loc.gov/zing/srw/">
  <leader>00620nz  a2200133n  4500</leader>
  <controlfield tag="001">no2011185095</controlfield>
  <controlfield tag="003">DLC</controlfield>
  <controlfield tag="005">20111203075649.0</controlfield>
  <controlfield tag="008">111201n| acannaabn          |n ana     c</controlfield>
  <datafield tag="010" ind1=" " ind2=" ">
    <subfield code="a">no2011185095</subfield>
  </datafield>
  <datafield tag="035" ind1=" " ind2=" ">
    <subfield code="a">(OCoLC)oca09049825</subfield>
  </datafield>
  <datafield tag="040" ind1=" " ind2=" ">
    <subfield code="a">StEdNL</subfield>
    <subfield code="b">eng</subfield>
    <subfield code="c">StEdNL</subfield>
  </datafield>
  <datafield tag="110" ind1="2" ind2=" ">
    <subfield code="a">Fons Scotiae (Firm)</subfield>
  </datafield>
  <datafield tag="670" ind1=" " ind2=" ">
    <subfield code="a">A Scotch spell, 2011:</subfield>
    <subfield code="b">t.p. (Fons Scotiae ... Scotlandwell, Kinross-shire, Scotland) p. 8 (a publisher of educational and restored Scots prose) p. 255 (the purpose of Fons Scotiae is the publication of Iain W. D. Forde's venture to use Scots as if it had continued as the modern national language - 'guid braid Scots')</subfield>
  </datafield>
</record>